@IEEEtranBSTCTL{IEEEexample:BSTcontrol,
  CTLdash_repeated_names = "no"
}


% digital adaptive control	
@book{Goodwin:2009:AFP:1643720,
 author = {Goodwin, Graham C. and Sin, Kwai Sang},
 title = {Adaptive Filtering Prediction and Control},
 year = {2009},
 isbn = {0486469328, 9780486469324},
 publisher = {Dover Publications, Inc.},
 address = {New York, NY, USA},
} 

% Tao's adaptive control
@book{tao2003adaptive,
  title={Adaptive control design and analysis},
  author={Tao, Gang},
  volume={37},
  year={2003},
  publisher={John Wiley \& Sons}
}

% For vehicle model
@book{nutaro2011building,
  title={Building software for simulation: theory and algorithms, with applications in C++},
  author={Nutaro, James J},
  year={2011},
  publisher={John Wiley \& Sons}
}

% Use plant model for attack detection
@article{pasqualetti2013attack,
  title={Attack detection and identification in cyber-physical systems},
  author={Pasqualetti, Fabio and D{\"o}rfler, Florian and Bullo, Francesco},
  journal={IEEE Transactions on Automatic Control},
  volume={58},
  number={11},
  pages={2715--2729},
  year={2013},
  publisher={IEEE}
}

% security using sensor redundancy
@article{fawzi2014secure,
  title={Secure estimation and control for cyber-physical systems under adversarial attacks},
  author={Fawzi, Hamza and Tabuada, Paulo and Diggavi, Suhas},
  journal={IEEE Transactions on Automatic Control},
  volume={59},
  number={6},
  pages={1454--1467},
  year={2014},
  publisher={IEEE}
}

% Model based with replay attacks
@inproceedings{zhu2012resilient,
  title={On resilient consensus against replay attacks in operator-vehicle networks},
  author={Zhu, Minghui and Mart{\'\i}nez, Sonia},
  booktitle={American Control Conference (ACC), 2012},
  pages={3553--3558},
  year={2012},
  organization={IEEE}
}

% Known Linear Model based estimation
@INPROCEEDINGS{6120187, 
author={H. Fawzi and P. Tabuada and S. Diggavi}, 
booktitle={2011 49th Annual Allerton Conference on Communication, Control, and Computing (Allerton)}, 
title={Secure state-estimation for dynamical systems under active adversaries}, 
year={2011}, 
volume={}, 
number={}, 
pages={337-344}, 
keywords={compressed sensing;decoding;discrete time systems;error correction;linear systems;numerical analysis;sensors;state estimation;telecommunication security;secure state-estimation;linear dynamical system;sensor measurements;adversarial attacker;error injection;decoding algorithm;compressed sensing;error correction;numerical simulation;Decoding;Vectors;Context;Kernel;Data structures;Boolean functions;Heuristic algorithms}, 
doi={10.1109/Allerton.2011.6120187}, 
ISSN={}, 
month={Sept},}

% Linear system only for estimation
@INPROCEEDINGS{6426811, 
author={H. Fawzi and P. Tabuada and S. Diggavi}, 
booktitle={2012 IEEE 51st IEEE Conference on Decision and Control (CDC)}, 
title={Security for control systems under sensor and actuator attacks}, 
year={2012}, 
volume={}, 
number={}, 
pages={3412-3417}, 
keywords={actuators;decoding;feedback;linear systems;optimisation;security;sensors;stability;control system security;sensor attack;actuator attack;linear system;malicious agent;state-feedback;plant stabilization;output-feedback;optimization-based decoder;Actuators;Vectors;Eigenvalues and eigenfunctions;Resilience;Estimation;Decoding}, 
doi={10.1109/CDC.2012.6426811}, 
ISSN={0191-2216}, 
month={Dec},}

% Sensor redundancy, linear system
@INPROCEEDINGS{6943080, 
author={N. Bezzo and J. Weimer and M. Pajic and O. Sokolsky and G. J. Pappas and I. Lee}, 
booktitle={2014 IEEE/RSJ International Conference on Intelligent Robots and Systems}, 
title={Attack resilient state estimation for autonomous robotic systems}, 
year={2014}, 
volume={}, 
number={}, 
pages={3692-3698}, 
keywords={measurement errors;mobile robots;motion control;recursive filters;remotely operated vehicles;sensors;state estimation;velocity measurement;attack resilient state estimation;autonomous robotic systems;unmanned ground robot control;malicious disturbance injection;control-level technique;recursive algorithm;redundancy;vehicle cruise-control;sensor measurement noise;velocity measurements;recursive filtering technique;sensor attacks;Vehicles;Sensor systems;Robot sensing systems;Noise;Vectors}, 
doi={10.1109/IROS.2014.6943080}, 
ISSN={2153-0858}, 
month={Sept},}

% LTI system, observer based, sensor redundancy
@INPROCEEDINGS{7330811, 
author={C. Lee and H. Shim and Y. Eun}, 
booktitle={2015 European Control Conference (ECC)}, 
title={Secure and robust state estimation under sensor attacks, measurement noises, and process disturbances: Observer-based combinatorial approach}, 
year={2015}, 
volume={}, 
number={}, 
pages={1872-1877}, 
keywords={continuous time systems;error correction;linear systems;observers;redundancy;robust control;security;robust state estimation;secure state estimation;sensor attack;observer-based combinatorial approach;continuous-time linear dynamical system;bounded estimation error;Luenberger observer;error correction technique;search space;Observers;Indexes;Noise measurement;Minimization;Robustness;Redundancy}, 
doi={10.1109/ECC.2015.7330811}, 
ISSN={}, 
month={July},}


